@book{ciarcia81,
	author="Ciarcia,Steve",
	title="Build Your Own z80 Computer",
	publisher="BYTE Books",
	address="Peterborough, NH",
	year="1981",
	}
@manual{zlg:z80,
    organization  = "Zilog, Inc.",
    title         = "z80 CPU",
    number        = "z80",
    year          =  2016,
    month         =  8,    
    note          = "Rev. 11",
}
@manual{epsn:lx810,
    organization  = "Epson America, Inc.",
    title         = "9-pin Dot Matrix Printer",
    number        = "LX-810",
    year          =  1989,
    month         =  6,    
    note          = "Rev. 1",
	location	  = "Torrance, California"
}
@manual{atml:at328,
    organization  = "Atmel Corporation",
    title         = "Atmel 8-bit Microcontroler With 4/8/16/32KBytes In-System Programmable Flash",
    number        = "ATmega48A/PA/88A/PA/186A/PA/328/P",
    year          =  2015,
    month         =  11,    
    note          = "Rev. J",
}
@manual{atml:at28c64b,
    organization  = "Atmel Corporation",
    title         = "64K (8K x 8) Parallel EEprom with Page Write and Software Data Protection",
    number        = "AT28C64B",
    year          =  2009,
    month         =  2,    
    note          = "Rev. C",
}
@manual{idt:71256,
    organization  = "Integrated Device Technology, Inc.",
    title         = "256K (32K x 8-Bit)",
    number        = "IDT71256SA",
    year          =  2014,
    month         =  11,    
    note          = "Rev. 7",
}